<?xml version="1.0" encoding="utf-8"?>
<record xmlns="http://www.loc.gov/MARC21/slim" xmlns:xsi="http://www.w3.org/2001/XMLSchema-instance" xsi:schemaLocation="http://www.loc.gov/MARC21/slim http://www.loc.gov/standards/marcxml/schema/MARC21slim.xsd">
	<leader>
		02085nam a2200337   4500
	</leader>
	<controlfield tag="001">
		001678642
	</controlfield>
	<controlfield tag="003">
		NNU
	</controlfield>
	<controlfield tag="006">
		m        d        
	</controlfield>
	<controlfield tag="007">
		cr cn |||m|||a
	</controlfield>
	<controlfield tag="008">
		160105s1939    ua ab   ob    001 0 ara d
	</controlfield>
	<datafield ind1=" " ind2=" " tag="040">
		<subfield code="a">
			NNU
		</subfield>
		<subfield code="b">
			eng
		</subfield>
		<subfield code="c">
			NNU
		</subfield>
	</datafield>
	<datafield ind1=" " ind2=" " tag="043">
		<subfield code="a">
			a-ye---
		</subfield>
	</datafield>
	<datafield ind1="0" ind2=" " tag="050">
		<subfield code="a">
			DS247.Y47
		</subfield>
		<subfield code="b">
			A75 1939
		</subfield>
	</datafield>
	<datafield ind1="1" ind2=" " tag="100">
		<subfield code="a">
			ʻArshī, Ḥusayn ibn Aḥmad.
		</subfield>
	</datafield>
	<datafield ind1="1" ind2="0" tag="245">
		<subfield code="a">
			Kitāb bulūgh al-marām, fī sharḥ misk al-khitām fī man tawallá mulk al-Yaman. min malik wa-imām
		</subfield>
		<subfield code="h">
			[electronic resource] /
		</subfield>
		<subfield code="c">
			taʼlīf al-Q&lt;aḍī Ḥusayn ibn Aḥmad al-ʻArshī ; ʻuniya bi-nashrihi Anastās Mārī al-Kirmilī.
		</subfield>
	</datafield>
	<datafield ind1=" " ind2=" " tag="260">
		<subfield code="a">
			al-Qāhirah :
		</subfield>
		<subfield code="b">
			Maṭbaʻat al-Bartīrī,
		</subfield>
		<subfield code="c">
			1939.
		</subfield>
	</datafield>
	<datafield ind1=" " ind2=" " tag="300">
		<subfield code="a">
			online resource (4, 442 p.) :
		</subfield>
		<subfield code="b">
			ill., map
		</subfield>
	</datafield>
	<datafield ind1=" " ind2=" " tag="500">
		<subfield code="a">
			Added t.p. in French: Bulugh al-maram fi sharh misk al-khitam fi man tawalla mulk al-Yemen min melik wa-imam; ou, Le but atteint en étudiant le commentaire de la poésie historique des rois et imams de l'Yémen, par Hussein ibn Ahmed al Archiy, jusquʼà l'an 1318 de l'hégire (1900) Ouvrage complété jusquʼà la mi-juin 1939 et enrichi de notes lexicographiques, scientifiques et littéraires par le P. Anastase-Marie de St-Elie.
		</subfield>
	</datafield>
	<datafield ind1=" " ind2=" " tag="500">
		<subfield code="a">
			Part of the Arabic Collections Online (ACO) project, contributed by New York Univeristy Libraries.
		</subfield>
	</datafield>
	<datafield ind1=" " ind2=" " tag="504">
		<subfield code="a">
			Includes bibliographical references (p. 334-394) and indexes.
		</subfield>
	</datafield>
	<datafield ind1=" " ind2=" " tag="533">
		<subfield code="a">
			Electronic reproduction.
		</subfield>
		<subfield code="b">
			New York, N.Y. :
		</subfield>
		<subfield code="c">
			New York University,
		</subfield>
		<subfield code="d">
			2016.
		</subfield>
		<subfield code="5">
			NNU
		</subfield>
	</datafield>
	<datafield ind1=" " ind2="0" tag="651">
		<subfield code="a">
			Yemen (Republic)
		</subfield>
		<subfield code="x">
			History.
		</subfield>
	</datafield>
	<datafield ind1="0" ind2=" " tag="700">
		<subfield code="a">
			Anistās Mārī,
		</subfield>
		<subfield code="c">
			al-Karmilī, ab,
		</subfield>
		<subfield code="d">
			1866-1947.
		</subfield>
	</datafield>
	<datafield ind1="2" ind2=" " tag="710">
		<subfield code="a">
			New York University.
		</subfield>
		<subfield code="b">
			Libraries.
		</subfield>
	</datafield>
	<datafield ind1="0" ind2=" " tag="730">
		<subfield code="a">
			Arabic Collections Online.
		</subfield>
	</datafield>
	<datafield ind1="0" ind2="1" tag="740">
		<subfield code="a">
			Bulūgh al-marām fī sharḥ misk al-khitām.
		</subfield>
	</datafield>
	<datafield ind1="0" ind2="1" tag="740">
		<subfield code="a">
			But atteint.
		</subfield>
	</datafield>
	<datafield ind1="0" ind2="8" tag="776">
		<subfield code="i">
			Print version:
		</subfield>
		<subfield code="a">
			ʻArshī, Ḥusayn ibn Aḥmad.
		</subfield>
		<subfield code="t">
			Kitāb bulūgh al-marām, fī sharḥ misk al-khitām fī man tawallá mulk al-Yaman. min malik wa-imām
		</subfield>
		<subfield code="w">
			(NNU)001678642
		</subfield>
		<subfield code="w">
			(DLC)60025488
		</subfield>
	</datafield>
	<datafield ind1="4" ind2="0" tag="856">
		<subfield code="u">
			http://hdl.handle.net/2333.1/66t1g4p9
		</subfield>
	</datafield>
	<datafield ind1=" " ind2=" " tag="959">
		<subfield code="a">
			NNU
		</subfield>
		<subfield code="b">
			WEB
		</subfield>
		<subfield code="c">
			GENI
		</subfield>
		<subfield code="t">
			0
		</subfield>
		<subfield code="m">
			Electronic access
		</subfield>
		<subfield code="s">
			01
		</subfield>
	</datafield>
	<datafield ind1=" " ind2=" " tag="999">
		<subfield code="i">
			NNU_001678642
		</subfield>
		<subfield code="s">
			nyu_aco001448
		</subfield>
		<subfield code="e">
			(ERROR-880)
		</subfield>
	</datafield>
</record>
